% This file was created with JabRef 2.6.
% Encoding: Cp1252
\documentclass{article}
\begin{document}


@ARTICLE{Cox1972,
  author = {David R. Cox},
  title = {Regression Models and Life-Tables},
  journal = {Journal of Royal Statistical Society},
  year = {1972},
  volume = {34},
  pages = {187-220},
  part = {B},
  owner = {Noorie},
  timestamp = {2012.09.08}
}

\end{document}

